<record><leader>00000cas a2200000 a 4500</leader><controlfield tag="001">230829611</controlfield><controlfield tag="008">080605d19621964cauwr ne      0    0eng c</controlfield><datafield ind1=" " ind2=" " tag="010"><subfield code="a">sn2008060124</subfield></datafield><datafield ind1=" " ind2=" " tag="040"><subfield code="a">CNK</subfield><subfield code="b">eng</subfield><subfield code="c">CNK</subfield><subfield code="d">CNK</subfield><subfield code="d">OCLCQ</subfield><subfield code="d">OCLCO</subfield></datafield><datafield ind1=" " ind2=" " tag="042"><subfield code="a">pcc</subfield></datafield><datafield ind1=" " ind2=" " tag="043"><subfield code="a">n-us-ca</subfield></datafield><datafield ind1="0" ind2="0" tag="245"><subfield code="a">Harbor City Lomita news &amp; Lomita progress.</subfield></datafield><datafield ind1="3" ind2=" " tag="246"><subfield code="a">Harbor City Lomita news and Lomita progress</subfield></datafield><datafield ind1=" " ind2=" " tag="260"><subfield code="a">Lomita, Calif. :</subfield><subfield code="b">Ray H. Reed</subfield></datafield><datafield ind1=" " ind2=" " tag="300"><subfield code="a">v.</subfield></datafield><datafield ind1=" " ind2=" " tag="310"><subfield code="a">Weekly</subfield></datafield><datafield ind1="0" ind2=" " tag="362"><subfield code="a">42nd year, no 47 (Dec. 6, 1962)-43rd year, no. 35 (Sept. 10, 1964).</subfield></datafield><datafield ind1=" " ind2=" " tag="530"><subfield code="a">Master negatives are available for duplication from:</subfield><subfield code="b">California Newspaper Microfilm Archive;</subfield><subfield code="c">positive copies may be purchased by the reel; for further information consult the CNMA at:</subfield><subfield code="u">http://cbsr.ucr.edu</subfield></datafield><datafield ind1=" " ind2="0" tag="651"><subfield code="a">Lomita (Calif.)</subfield><subfield code="v">Newspapers.</subfield></datafield><datafield ind1=" " ind2="0" tag="651"><subfield code="a">Harbor City (Calif.)</subfield><subfield code="v">Newspapers.</subfield></datafield><datafield ind1=" " ind2=" " tag="752"><subfield code="a">United States</subfield><subfield code="b">California</subfield><subfield code="c">Los Angeles</subfield><subfield code="d">Lomita.</subfield></datafield><datafield ind1="0" ind2="0" tag="780"><subfield code="t">Harbor City Lomita news (Lomita, Calif. : 1961)</subfield><subfield code="w">(DLC)sn2008060123</subfield></datafield><datafield ind1="0" ind2="0" tag="785"><subfield code="t">Lomita news &amp; Lomita progress</subfield><subfield code="w">(DLC)sn2008060125</subfield></datafield></record>